@book{hirsch,
  title={{A linear space algorithm for computing maximal common subsequences}},
  author={Hirschberg, D. S.},
  yeah={1975}
}

@book{szwarccfiter,
  title={{Grafos e Algoritmos Computacionais}},
  author={Szwarccfiter, J. L.},
  year={1984},
}

@book{schildt,
  title={{C - completo e total}},
  author={Schildt, H.},
  year={1990},
}


@misc{wikipalin,
  author = {Wikipedia},
  title = {Palíndromo},
  howpublished = {\url{http://pt.wikipedia.org/wiki/Pal%C3%ADndromo}}
}

@misc{wikimv,
  author = {Wikipedia},
  title = {Memória virtual},
  howpublished = {\url{http://pt.wikipedia.org/wiki/Memória_virtual}}
}
